% ------------------------------------------------------------------------------ 
% General
% ------------------------------------------------------------------------------
@Book{xie2015,
  title = {Dynamic Documents with {R} and knitr},
  author = {Yihui Xie},
  publisher = {Chapman and Hall/CRC},
  address = {Boca Raton, Florida},
  year = {2015},
  edition = {2nd},
  note = {ISBN 978-1498716963},
  url = {http://yihui.name/knitr/},
}

% ------------------------------------------------------------------------------ 
% Bullets 
% ------------------------------------------------------------------------------

@article{icfis,
author = {Hare, Eric and Hofmann, Heike and Carriquiry, Alicia},
title = {Algorithmic approaches to match degraded land impressions},
journal = {Law, Probability and Risk},
volume = {},
number = {},
pages = {mgx018},
year = {2017},
doi = {10.1093/lpr/mgx018},
URL = { + http://dx.doi.org/10.1093/lpr/mgx018},
eprint = {/oup/backfile/content_public/journal/lpr/pap/10.1093_lpr_mgx018/2/mgx018.pdf}
}

@article{aoas,
   author = {{Hare}, Eric and {Hofmann}, Heike and {Carriquiry}, Alicia},
    title = "{Automatic Matching of Bullet Lands}",
  journal = {ArXiv e-prints},
archivePrefix = "arXiv",
   eprint = {1601.05788},
 primaryClass = "stat.AP",
 keywords = {Statistics - Applications},
     year = 2016,
    month = jan,
   adsurl = {http://adsabs.harvard.edu/abs/2016arXiv160105788H},
  adsnote = {Provided by the SAO/NASA Astrophysics Data System}
}

% ------------------------------------------------------------------------------ 
% Shoes 
% ------------------------------------------------------------------------------



% ------------------------------------------------------------------------------ 
% Image Processing 
% ------------------------------------------------------------------------------

@incollection{kimGrayscaleTemplateMatchingInvariant2007,
	address = {Berlin, Heidelberg},
	title = {Grayscale {Template}-{Matching} {Invariant} to {Rotation}, {Scale}, {Translation}, {Brightness} and {Contrast}},
	volume = {4872},
	isbn = {978-3-540-77128-9 978-3-540-77129-6},
	url = {http://link.springer.com/10.1007/978-3-540-77129-6_13},
	language = {en},
	urldate = {2019-09-11},
	booktitle = {Advances in {Image} and {Video} {Technology}},
	publisher = {Springer Berlin Heidelberg},
	author = {Kim, Hae Yong and de Ara√∫jo, Sidnei Alves},
	editor = {Hutchison, David and Kanade, Takeo and Kittler, Josef and Kleinberg, Jon M. and Mattern, Friedemann and Mitchell, John C. and Naor, Moni and Nierstrasz, Oscar and Pandu Rangan, C. and Steffen, Bernhard and Sudan, Madhu and Terzopoulos, Demetri and Tygar, Doug and Vardi, Moshe Y. and Weikum, Gerhard and Mery, Domingo and Rueda, Luis},
	year = {2007},
	doi = {10.1007/978-3-540-77129-6_13},
	pages = {100--113}
}